<record><leader>00000cas a22000007a 4500</leader><controlfield tag="001">13059854</controlfield><controlfield tag="008">860124d18811891wvuwr ne      0    0eng d</controlfield><datafield ind1=" " ind2=" " tag="010"><subfield code="a">sn 86092131 </subfield></datafield><datafield ind1=" " ind2=" " tag="040"><subfield code="a">WVC</subfield><subfield code="b">eng</subfield><subfield code="c">WVC</subfield><subfield code="d">OCL</subfield><subfield code="d">OCLCQ</subfield></datafield><datafield ind1=" " ind2=" " tag="042"><subfield code="a">msc</subfield></datafield><datafield ind1="0" ind2=" " tag="130"><subfield code="a">State tribune (Charleston, W. Va.)</subfield></datafield><datafield ind1="1" ind2="4" tag="245"><subfield code="a">The state tribune.</subfield></datafield><datafield ind1=" " ind2=" " tag="260"><subfield code="a">Charleston, W. Va. :</subfield><subfield code="b">Republican Co.,</subfield><subfield code="c">1881-</subfield></datafield><datafield ind1=" " ind2=" " tag="300"><subfield code="a">v.</subfield></datafield><datafield ind1=" " ind2=" " tag="310"><subfield code="a">Weekly</subfield></datafield><datafield ind1="0" ind2=" " tag="362"><subfield code="a">Vol. 1, no. 1 (Sept. 17, 1881)-</subfield></datafield><datafield ind1="1" ind2=" " tag="362"><subfield code="a">Ceased in 1891?</subfield></datafield><datafield ind1=" " ind2=" " tag="500"><subfield code="a">"Republican."</subfield></datafield><datafield ind1=" " ind2=" " tag="500"><subfield code="a">Editor: Alvaro F. Gibbens.</subfield></datafield><datafield ind1=" " ind2=" " tag="752"><subfield code="a">United States</subfield><subfield code="b">West Virginia</subfield><subfield code="c">Kanawha</subfield><subfield code="d">Charleston.</subfield></datafield><datafield ind1="0" ind2="7" tag="785"><subfield code="t">Charleston weekly star</subfield><subfield code="w">(DLC)sn 86092132</subfield></datafield><datafield ind1="0" ind2="7" tag="785"><subfield code="t">Star weekly tribune</subfield><subfield code="w">(DLC)sn 86092133</subfield></datafield></record>